%type the bib here~ so that you can refer to them easily by \cite{tag} :D

%Journal articles
@article{Miskin2020,  
    author = {Miskin, M.Z. and Cortese, A.J. and Dorsey, K. },
    title = {Electronically integrated, mass-manufactured, microscopic robots},  
    journal = {Nature},   
    volume={584},   
    pages={557-561},   
    year={2020},
    DOI=https://doi.org/10.1038/s41586-020-2626-9
}

@article{Xu2019, 
    title={Millimeter-scale flexible robots with programmable three-dimensional magnetization and motions}, 
    volume={4}, ISSN={2470-9476}, 
    DOI={10.1126/scirobotics.aav4494}, 
    number={29}, 
    journal={Science Robotics}, 
    publisher={Science Robotics}, 
    author={Xu, Tianqi and Zhang, Jiachen and Salehizadeh, Mohammad and Onaizah, Onaizah and Diller, Eric}, 
    year={2019},
    pages={eaav4494}
    }

@article{Brown2000,  
    author = {Brown, A.B.D. and Smith, C.G. and Rennie, A.R.},
    title = {Pumping of water with ac electric fields applied to asymmetric pairs of microelectrodes},  
    journal = {Physical Review E},   
    volume={63},  
    number={1},   
    pages={016305},   
    year={2000}  
}
@article{Mpholo2003,
    title = {Low voltage plug flow pumping using anisotropic electrode arrays},
    journal = {Sensors and Actuators B: Chemical},
    volume = {92},
    number = {3},
    pages = {262-268},
    year = {2003},
    issn = {0925-4005},
    doi = {https://doi.org/10.1016/S0925-4005(03)00289-2},
    url = {https://www.sciencedirect.com/science/article/pii/S0925400503002892},
    author = {M. Mpholo and C.G. Smith and A.B.D. Brown}
}

@article{Studer2004,
  title={An integrated {AC} electrokinetic pump in a microfluidic loop for fast and tunable flow control},
  author={Studer, Vincent and P{\'e}pin, Anne and Chen, Yong and Ajdari, Armand},
  journal={Analyst},
  volume={129},
  number={10},
  pages={944--949},
  year={2004},
  publisher={Royal Society of Chemistry}
}

@article{Wu2008,  
    author = {Wu, J. (Jayne)},
    title = {Ac electro-osmotic micropump by asymmetric electrode polarization},   
    journal = {Journal of Applied Physics},   
    volume={103},  
    number={2},   
    pages={024907},   
    year={2008}  
}

@article{Stone2004,  
    author = {Stone, H.A. and Stroock, A.D. and Ajdari, A.},
    title = {Engineering flows in small devices: Microfluidics towards a lab-on-a-chip},   
    journal = {Ann. Rev. Fluid Mech.},   
    volume={36},   
    pages={381-411},   
    year={2004}  
}

@article{Manz1994,  
    author = {Manz, A. and Effenhauser, C.S. and Burggraf, N. and Harrison, D.J. and Seiler, K.},
    title = {Electroosmotic pumping and electrophoretic separations for miniaturized chemical analysis systems},   
    journal = {J. Micromech. Microeng.},   
    volume={4},   
    pages={257-265},   
    year={1994}  
}

@article{Kataoka1999,  
    author = {Kataoka, D.E. and Troian, S.M.},
    title = {Patterning liquid flow on the microscopic scale},   
    journal = {Nature},   
    volume={402},   
    pages={794-797},   
    year={1999}  
}

@article{Beni1981,  
    author = {Beni, G. and Tenan, M.A.},
    title = {Dynamics of electrowetting displays},   
    journal = {J. Appl. Phys.},   
    volume={52},
    number={10},
    pages={6011--6015},
    year={1981},
    publisher={American Institute of Physics} 
}

@article{fuhr1992,
    title={Microfabricated electrohydrodynamic ({EHD}) pumps for liquids of higher conductivity},
    author={Fuhr, G{\"u}nter and Hagedorn, Rolf and Muller, Torsten and Benecke, Wolfgang and Wagner, Bernd},
    journal={Journal of microelectromechanical systems},
    volume={1},
    number={3},
    pages={141--146},
    year={1992},
    publisher={IEEE}
}

@article{physreveii,
    title = {Fluid flow induced by nonuniform ac electric fields in electrolytes on microelectrodes. II. A linear double-layer analysis},
    author = {A. González and A. Ramos and N. G. Green and A. Castellanos, and H. Morgan},
    journal = {Physical review E},
    volume = {61},
    number = {4},
    pages = {4019--4028},
    year = {2004},
    publisher = {The American Physical Society},
    DOI = "https://doi.org/10.1103/PhysRevE.61.4019"
}

@article{physrevep,
    title = {Pumping of water with ac electric fields applied to asymmetric pairs of microelectrodes},
    author = {A. B. D. Brown and C. G. Smith, and A. R. Rennie},
    journal = {Physical review E},
    volume = {63},
    number = {1},
    pages = {016305},
    year = {2000},
    date = "2000-04-01",
    publisher = {The American Physical Society},
    DOI = "https://doi.org/10.1103/PhysRevE.63.016305"
}

@article{wang2007benchmarking,
  title={Benchmarking {COMSOL} {Multiphysics} 3.4},
  author={Wang, Xiuling and Pepper, Darrell W},
  journal={Las Vegas: University of Nevada},
  volume={44},
  pages={41--5},
  year={2007}
}

@article{Garcia2006,  
    author={Garcia-Sanchez, P. and Ramos, A. and Green, N.G. and Morgan, H.},  
    journal={IEEE Transactions on Dielectrics and Electrical Insulation},   
    title={Experiments on AC electrokinetic pumping of liquids using arrays of microelectrodes},   
    year={2006},  
    volume={13},  
    number={3},  
    pages={670-677}, 
    doi={10.1109/TDEI.2006.1657983}
}

@article{Gao2019,
    title = {Simultaneous microfluidic pumping and mixing using an array of asymmetric 3D ring electrode pairs in a cylindrical microchannel by the AC electroosmosis effect},
    journal = {European Journal of Mechanics - B/Fluids},
    volume = {75},
    pages = {361-371},
    year = {2019},
    issn = {0997-7546},
    doi = {https://doi.org/10.1016/j.euromechflu.2018.10.008},
    url = {https://www.sciencedirect.com/science/article/pii/S0997754617307008},
    author = {Xiaobo Gao and Yuxiao Li}
}

@article{nelson2010,
    author = {Nelson, Bradley J. and Kaliakatsos, Ioannis K. and Abbott, Jake J.},
    title = {Microrobots for Minimally Invasive Medicine},
    journal = {Annual Review of Biomedical Engineering},
    volume = {12},
    number = {1},
    pages = {55-85},
    year = {2010},
    doi = {10.1146/annurev-bioeng-010510-103409},note ={PMID: 20415589},
    URL = { 
        https://doi.org/10.1146/annurev-bioeng-010510-103409
    
},
    eprint = { 
        https://doi.org/10.1146/annurev-bioeng-010510-103409
    }
}
@article{ramos2003, 
    title={Pumping of liquids with ac voltages applied to asymmetric pairs of microelectrodes}, volume={67}, 
    ISSN={1063-651X}, 
    DOI={10.1103/physreve.67.056302}, 
    number={5}, 
    journal={Physical Review E}, 
    publisher={Physical Review E}, 
    author={Ramos, A. and González, A. and Castellanos, A. and Green, N. G. and Morgan, H.}, year={2003}
}

@article{ou2009fabrication,
  title={Fabrication of a hybrid PDMS/SU-8/quartz microfluidic chip for enhancing UV absorption whole-channel imaging detection sensitivity and application for isoelectric focusing of proteins},
  author={Ou, Junjie and Glawdel, Tomasz and Ren, Carolyn L and Pawliszyn, Janusz},
  journal={Lab on a Chip},
  volume={9},
  number={13},
  pages={1926--1932},
  year={2009},
  publisher={Royal Society of Chemistry}
}

@article{Castellanos2003,
	doi = {10.1088/0022-3727/36/20/023},
	url = {https://doi.org/10.1088/0022-3727/36/20/023},
	year = 2003,
	month = {oct},
	publisher = {{IOP} Publishing},
	volume = {36},
	number = {20},
	pages = {2584--2597},
	author = {A Castellanos and A Ramos and A Gonz{\'{a}}lez and N G Green and H Morgan},
	title = {Electrohydrodynamics and dielectrophoresis in microsystems: scaling laws},
	journal = {Journal of Physics D: Applied Physics}
}

@article{freeman2007manufacturing,
  title={Manufacturing a PDMS microfluidic device via a Silicon Wafer Master},
  author={Freeman, Dennis and Gray, Martha and Aranyosi, Alexander},
  journal={Harvard-MIT Division of Health Sciences and Technology: Cambridge, MA, USA},
  year={2007}
}

@article{sun2016low,
  title={A low-cost method of fabricating hybrid micro-nano fluidic chip by double-layer PDMS mold and UV--thermal nanoimprinting},
  author={Sun, Lei and Yin, Zhifu and Qi, Liping and Wu, Dongjiang and Zou, Helin},
  journal={Microfluidics and Nanofluidics},
  volume={20},
  number={4},
  pages={57},
  year={2016},
  publisher={Springer}
}

%Conference articles==============================
@inproceedings{Ribetto2012,
    author = {Ribetto, L. and Homsy, A. and De Rooij, N. F.},
    title = {Microfabricated all-around-electrode {AC} electroosmotic pump with simple design and increased velocity generation},   
    booktitle = {{2012 IEEE 25th International Conference on Micro Electro Mechanical Systems (MEMS),Paris, France}},
    year={2012}   
}

@inproceedings{islam2006,
    author={Islam, Nazmul and Wu, Jie},
    title={Microfluidic transport by AC electroosmosis},
    booktitle={Journal of physics: conference series},
    volume={34},
    number={1},
    pages={058},
    year={2006},
    organization={IOP Publishing}
}

@inproceedings{Pham2007,
  title={Numerical simulation of the electrical double layer based on the poisson-boltzmann models for ac electroosmosis flows},
  author={Pham, P. and Howorth, M. and Planat-Chrétien, A. and et al.},
  booktitle={Excerpt from the Proceedings of the COMSOL Users Conference 2007 Grenoble.},
  year={2006},
}
